<record><leader>00000cas a22000007a 4500</leader><controlfield tag="001">13775992</controlfield><controlfield tag="008">860625d18981899nvudn ne      0    0eng d</controlfield><datafield ind1=" " ind2=" " tag="010"><subfield code="a">sn 86076255 </subfield></datafield><datafield ind1=" " ind2=" " tag="040"><subfield code="a">NNX</subfield><subfield code="b">eng</subfield><subfield code="c">NNX</subfield><subfield code="d">OCLCQ</subfield></datafield><datafield ind1=" " ind2=" " tag="042"><subfield code="a">msc</subfield></datafield><datafield ind1="0" ind2=" " tag="130"><subfield code="a">People's advocate (Winnemucca, Nev. : 1898)</subfield></datafield><datafield ind1="1" ind2="0" tag="245"><subfield code="a">People's advocate.</subfield></datafield><datafield ind1=" " ind2=" " tag="260"><subfield code="a">Winnemucca, Nev. :</subfield><subfield code="b">D.S. Truman,</subfield><subfield code="c">1898-1899.</subfield></datafield><datafield ind1=" " ind2=" " tag="300"><subfield code="a">2 v. :</subfield><subfield code="b">ill.</subfield></datafield><datafield ind1=" " ind2=" " tag="310"><subfield code="a">Semiweekly,</subfield><subfield code="b">Aug. 19, 1898-</subfield></datafield><datafield ind1=" " ind2=" " tag="321"><subfield code="a">Daily (except Mon.),</subfield><subfield code="b">May 17, 1898-Aug. 16, 1898</subfield></datafield><datafield ind1="0" ind2=" " tag="362"><subfield code="a">Vol. 1, no. 1 (May 17, 1898)-v. 2, no. 55 (Apr. 28, 1899).</subfield></datafield><datafield ind1=" " ind2=" " tag="500"><subfield code="a">Publisher: Mar. 3, 1899-Apr. 28, 1899, M.S. Riddle &amp; Sons.</subfield></datafield><datafield ind1=" " ind2=" " tag="515"><subfield code="a">May 31, 1898 issue misdated May 13, 1898.</subfield></datafield><datafield ind1=" " ind2=" " tag="752"><subfield code="a">United States</subfield><subfield code="b">Nevada</subfield><subfield code="c">Humboldt</subfield><subfield code="d">Winnemucca.</subfield></datafield></record>